% Encoding: UTF8

@INCOLLECTION{vardi+96,
  year={1996},
  isbn={978-3-540-60915-5},
  booktitle={Logics for Concurrency},
  volume={1043},
  series={Lecture Notes in Computer Science},
  editor={Moller, Faron and Birtwistle, Graham},
  doi={10.1007/3-540-60915-6_6},
  title={An automata-theoretic approach to linear temporal logic},
  url={http://dx.doi.org/10.1007/3-540-60915-6_6},
  publisher={Springer Berlin Heidelberg},
  author={Vardi, MosheY.},
  pages={238-266},
  language={English}
}